@article{coombs1987markup,
  title={Markup systems and the future of scholarly text processing},
  author={Coombs, James H and Renear, Allen H and DeRose, Steven J},
  journal={Communications of the ACM},
  volume={30},
  number={11},
  pages={933--947},
  year={1987},
  publisher={ACM}
}

@misc{css,
    title={Cascading Style Sheets 2.0},
    author={W3C.org},
    howpublished = {\url{http://www.w3.org/TRECCSS2/}},
    year={2016}
}

@misc{unilogo,
  title={Egyetem hivatalos c√≠mere},
  author={Miskolci Egyetem},
  howpublished = {\url{https://www.uni-miskolc.hu/template/web/img/logo-uni-miskolc.png}}
}

@article{tomatoleaf,
  title={Efficient image segmentation and implementation of K-means clustering},
  author={Deeparani, K and Sudhakar, P},
  journal={Materials Today: Proceedings},
  volume={45},
  pages={8076--8079},
  year={2021},
  publisher={Elsevier}
}

 @misc{unsplash,
    title={100+ still life pictures: Download free images on unsplash},
    url={https://unsplash.com/s/photos/still-life},
    journal={100+ Still Life Pictures | Download Free Images on Unsplash},
    author={Unsplash},
    howpublished = {\url{https://unsplash.com/s/photos/still-life}},
 }

 @misc{pythonlibrary,
    title={Packaging python projects},
    url={https://packaging.python.org/en/latest/tutorials/packaging-projects/},
    journal={Packaging Python Projects - Python Packaging User Guide},
    author={Python.org},
    howpublished = {\url{https://packaging.python.org/en/latest/tutorials/packaging-projects/}}
 }

  @misc{setup,
    title={Packaging and distributing projects},
    url={https://packaging.python.org/en/latest/guides/distributing-packages-using-setuptools/},
    journal={Packaging and distributing projects - Python Packaging User Guide},
    author={Python.org},
    howpublished = {\url{https://packaging.python.org/en/latest/guides/distributing-packages-using-setuptools/}}
 }
